
@InProceedings{	  10.1007/978-3-031-23220-6_4,
  author	= "Thiyagalingam, Jeyan and von Laszewski, Gregor and Yin,
		  Junqi and Emani, Murali and Papay, Juri and Barrett, Gregg
		  and Luszczek, Piotr and Tsaris, Aristeidis and Kirkpatrick,
		  Christine and Wang, Feiyi and Gibbs, Tom and Vishwanath,
		  Venkatram and Shankar, Mallikarjun and Fox, Geoffrey and
		  Hey, Tony",
  editor	= "Anzt, Hartwig and Bienz, Amanda and Luszczek, Piotr and
		  Baboulin, Marc",
  title		= "AI Benchmarking for Science: Efforts from the MLCommons
		  Science Working Group",
  booktitle	= "High Performance Computing. ISC High Performance 2022
		  International Workshops",
  year		= "2022",
  publisher	= "Springer International Publishing",
  address	= "Cham",
  pages		= "47--64",
  abstract	= "With machine learning (ML) becoming a transformative tool
		  for science, the scientific community needs a clear
		  catalogue of ML techniques, and their relative benefits on
		  various scientific problems, if they were to make
		  significant advances in science using AI. Although this
		  comes under the purview of benchmarking, conventional
		  benchmarking initiatives are focused on performance, and as
		  such, science, often becomes a secondary criteria.",
  isbn		= "978-3-031-23220-6"
}

@Misc{		  abud2021deep,
  title		= {Deep Underground Neutrino Experiment (DUNE) Near Detector
		  Conceptual Design Report},
  author	= {A. Abed Abud and B. Abi and R. Acciarri and M. A. Acero
		  and G. Adamov and D. Adams and M. Adinolfi and A.
		  Aduszkiewicz and Z. Ahmad and J. Ahmed and T. Alion and S.
		  Alonso Monsalve and M. Alrashed and C. Alt and A. Alton and
		  P. Amedo and J. Anderson and C. Andreopoulos and M. P.
		  Andrews and F. Andrianala and S. Andringa and N. Anfimov
		  and A. Ankowski and M. Antonova and S. Antusch and A.
		  Aranda-Fernandez and A. Ariga and L. O. Arnold and M. A.
		  Arroyave and J. Asaadi and A. Aurisano and V. Aushev and D.
		  Autiero and M. Ayala-Torres and F. Azfar and H. Back and J.
		  J. Back and C. Backhouse and P. Baesso and I. Bagaturia and
		  L. Bagby and S. Balasubramanian and P. Baldi and B. Baller
		  and B. Bambah and F. Barao and G. Barenboim and G. J.
		  Barker and W. Barkhouse and C. Barnes and G. Barr and J.
		  Barranco Monarca and N. Barros and J. L. Barrow and A.
		  Basharina-Freshville and A. Bashyal and V. Basque and E.
		  Belchior and J. B. R. Battat and F. Battisti and F. Bay and
		  J. L. Bazo Alba and J. F. Beacom and E. Bechetoille and B.
		  Behera and L. Bellantoni and G. Bellettini and V. Bellini
		  and O. Beltramello and D. Belver and N. Benekos and F.
		  Bento Neves and S. Berkman and P. Bernardini and R. M.
		  Berner and H. Berns and S. Bertolucci and M. Betancourt and
		  A. Betancur Rodr{\'i}guez and M. Bhattacharjee and S.
		  Bhuller and B. Bhuyan and S. Biagi and J. Bian and M.
		  Biassoni and K. Biery and B. Bilki and M. Bishai and A.
		  Bitadze and A. Blake and F. D. M. Blaszczyk and G. C.
		  Blazey and E. Blucher and J. Boissevain and S. Bolognesi
		  and T. Bolton and L. Bomben and M. Bonesini and M. Bongrand
		  and F. Bonini and A. Booth and C. Booth and S. Bordoni and
		  A. Borkum and T. Boschi and N. Bostan and P. Bour and C.
		  Bourgeois and S. B. Boyd and D. Boyden and J. Bracinik and
		  D. Braga and D. Brailsford and A. Brandt and J. Bremer and
		  C. Brew and E. Brianne and S. J. Brice and C. Brizzolari
		  and C. Bromberg and G. Brooijmans and J. Brooke and A.
		  Bross and G. Brunetti and M. Brunetti and N. Buchanan and
		  H. Budd and D. Caiulo and P. Calafiura and J. Calcutt and
		  M. Calin and S. Calvez and E. Calvo and A. Caminata and M.
		  Campanelli and K. Cankocak and D. Caratelli and G. Carini
		  and B. Carlus and P. Carniti and I. Caro Terrazas and H.
		  Carranza and T. Carroll and J. F. Casta\~{n}o Forero and A.
		  Castillo and C. Castromonte and E. Catano-Mur and C.
		  Cattadori and F. Cavalier and F. Cavanna and S. Centro and
		  G. Cerati and A. Cervelli and A. Cervera Villanueva and M.
		  Chalifour and A. Chappell and E. Chardonnet and N.
		  Charitonidis and A. Chatterjee and S. Chattopadhyay and H.
		  Chen and M. Chen and Y. Chen and Z. Chen and D. Cherdack
		  and C. Chi and S. Childress and A. Chiriacescu and G.
		  Chisnall and K. Cho and S. Choate and D. Chokheli and S.
		  Choubey and A. Christensen and D. Christian and G.
		  Christodoulou and A. Chukanov and E. Church and P. Clarke
		  and T. E. Coan and A. G. Cocco and J. A. B. Coelho and E.
		  Conley and R. Conley and J. M. Conrad and M. Convery and S.
		  Copello and L. Corwin and L. Cremaldi and L. Cremonesi and
		  J. I. Crespo-Anad\'{o}n and E. Cristaldo and R. Cross and
		  A. Cudd and C. Cuesta and Y. Cui and D. Cussans and M.
		  Dabrowski and O. Dalager and H. da Motta and L. Da Silva
		  Peres and C. David and Q. David and G. S. Davies and S.
		  Davini and J. Dawson and K. De and R. M. De Almeida and P.
		  Debbins and I. De Bonis and M. P. Decowski and A. de
		  Gouv{\^e}a and P. C. De Holanda and I. L. De Icaza Astiz
		  and A. Deisting and P. De Jong and A. Delbart and D.
		  Delepine and M. Delgado and A. Dell'Acqua and P. De Lurgio
		  and J. R. T. de Mello Neto and D. M. DeMuth and S. Dennis
		  and C. Densham and G. W. Deptuch and A. De Roeck and V. De
		  Romeri and G. De Souza and R. Dharmapalan and F. Diaz and
		  J. S. D\'{i}az and S. Di Domizio and L. Di Giulio and P.
		  Ding and L. Di Noto and C. Distefano and R. Diurba and M.
		  Diwan and Z. Djurcic and N. Dokania and S. Dolan and M. J.
		  Dolinski and L. Domine and D. Douglas and D. Douillet and
		  G. Drake and F. Drielsma and D. Duchesneau and K. Duffy and
		  P. Dunne and T. Durkin and H. Duyang and O. Dvornikov and
		  D. A. Dwyer and A. S. Dyshkant and M. Eads and A. Earle and
		  D. Edmunds and J. Eisch and L. Emberger and S. Emery and A.
		  Ereditato and C. O. Escobar and G. Eurin and J. J. Evans
		  and E. Ewart and A. C. Ezeribe and K. Fahey and A. Falcone
		  and C. Farnese and Y. Farzan and J. Felix and M. Fernandes
		  Carneiro da Silva and E. Fernandez-Martinez and P.
		  Fernandez Menendez and F. Ferraro and L. Fields and F.
		  Filthaut and A. Fiorentini and R. S. Fitzpatrick and W.
		  Flanagan and B. Fleming and R. Flight and D. V. Forero and
		  J. Fowler and W. Fox and J. Franc and K. Francis and D.
		  Franco and J. Freeman and J. Freestone and J. Fried and A.
		  Friedland and S. Fuess and I. Furic and A. P. Furmanski and
		  A. Gago and H. Gallagher and A. Gallas and A. Gallego-Ros
		  and N. Gallice and V. Galymov and E. Gamberini and T.
		  Gamble and R. Gandhi and R. Gandrajula and F. Gao and S.
		  Gao and D. Garcia-Gamez and M. \'{A} Garc\'{i}a-Peris and
		  S. Gardiner and D. Gastler and G. Ge and B. Gelli and A.
		  Gendotti and S. Gent and Z. Ghorbani-Moghaddam and D. Gibin
		  and I. Gil-Botella and S. Gilligan and C. Girerd and A. K.
		  Giri and D. Gnani and O. Gogota and M. Gold and S.
		  Gollapinni and K. Gollwitzer and R. A. Gomes and L. V.
		  Gomez Bermeo and L. S. Gomez Fajardo and F. Gonnella and J.
		  A. Gonzalez-Cuevas and D. Gonzalez-Diaz and M.
		  Gonzalez-Lopez and M. C. Goodman and O. Goodwin and S.
		  Goswami and C. Gotti and E. Goudzovski and C. Grace and M.
		  Graham and R. Gran and E. Granados and P. Granger and A.
		  Grant and C. Grant and D. Gratieri and P. Green and L.
		  Greenler and J. Greer and W. C. Griffith and M. Groh and J.
		  Grudzinski and K. Grzelak and W. Gu and V. Guarino and R.
		  Guenette and E. Guerard and A. Guglielmi and B. Guo and K.
		  K. Guthikonda and R. Gutierrez and P. Guzowski and M. M.
		  Guzzo and S. Gwon and A. Habig and H. Hadavand and R.
		  Haenni and A. Hahn and J. Haiston and P. Hamacher-Baumann
		  and T. Hamernik and P. Hamilton and J. Han and D. A. Harris
		  and J. Hartnell and J. Harton and T. Hasegawa and C. Hasnip
		  and R. Hatcher and K. W. Hatfield and A. Hatzikoutelis and
		  C. Hayes and E. Hazen and A. Heavey and K. M. Heeger and J.
		  Heise and K. Hennessy and S. Henry and M. A. Hernandez
		  Morquecho and K. Herner and L. Hertel and V Hewes and A.
		  Higuera and T. Hill and S. J. Hillier and A. Himmel and J.
		  Hoff and C. Hohl and A. Holin and E. Hoppe and G. A.
		  Horton-Smith and M. Hostert and A. Hourlier and B. Howard
		  and R. Howell and J. Huang and J. Huang and J. Hugon and G.
		  Iles and N. Ilic and A. M. Iliescu and R. Illingworth and
		  A. Ioannisian and L. Isenhower and R. Itay and A. Izmaylov
		  and S. Jackson and V. Jain and E. James and B. Jargowsky
		  and F. Jediny and D. Jena and Y. S. Jeong and C.
		  Jes\'{u}s-Valls and X. Ji and L. Jiang and S. Jim\'{e}nez
		  and A. Jipa and R. Johnson and B. Jones and S. B. Jones and
		  M. Judah and C. K. Jung and T. Junk and Y. Jwa and M.
		  Kabirnezhad and A. Kaboth and I. Kadenko and I. Kakorin and
		  F. Kamiya and N. Kaneshige and G. Karagiorgi and G. Karaman
		  and A. Karcher and M. Karolak and Y. Karyotakis and S.
		  Kasai and S. P. Kasetti and L. Kashur and N. Kazaryan and
		  E. Kearns and P. Keener and K. J. Kelly and E. Kemp and O.
		  Kemularia and W. Ketchum and S. H. Kettell and M.
		  Khabibullin and A. Khotjantsev and A. Khvedelidze and D.
		  Kim and B. King and B. Kirby and M. Kirby and J. Klein and
		  K. Koehler and L. W. Koerner and S. Kohn and P. P. Koller
		  and L. Kolupaeva and M. Kordosky and T. Kosc and U. Kose
		  and V. A. Kosteleck\'{y} and K. Kothekar and F. Krennrich
		  and I. Kreslo and Y. Kudenko and V. A. Kudryavtsev and S.
		  Kulagin and J. Kumar and P. Kumar and P. Kunze and N.
		  Kurita and C. Kuruppu and V. Kus and T. Kutter and A.
		  Lambert and B. Land and K. Lande and C. E. Lane and K. Lang
		  and T. Langford and J. Larkin and P. Lasorak and D. Last
		  and C. Lastoria and A. Laundrie and A. Lawrence and I.
		  Lazanu and R. LaZur and T. Le and S. Leardini and J.
		  Learned and P. LeBrun and T. LeCompte and G. Lehmann Miotto
		  and R. Lehnert and M. A. Leigui de Oliveira and M. Leitner
		  and L. Li and S. W. Li and T. Li and Y. Li and H. Liao and
		  C. S. Lin and Q. Lin and S. Lin and A. Lister and B. R.
		  Littlejohn and J. Liu and S. Lockwitz and T. Loew and M.
		  Lokajicek and I. Lomidze and K. Long and K. Loo and D.
		  Lorca and T. Lord and J. M. LoSecco and W. C. Louis and X.
		  -G. Lu and K. B. Luk and X. Luo and N. Lurkin and T. Lux
		  and V. P. Luzio and D. MacFarlane and A. A. Machado and P.
		  Machado and C. T. Macias and J. R. Macier and A. Maddalena
		  and A. Madera and P. Madigan and S. Magill and K. Mahn and
		  A. Maio and A. Major and J. A. Maloney and G. Mandrioli and
		  R. C. Mandujano and J. Maneira and L. Manenti and S. Manly
		  and A. Mann and K. Manolopoulos and M. Manrique Plata and
		  V. N. Manyam and L. Manzanillas and M. Marchan and A.
		  Marchionni and W. Marciano and D. Marfatia and C. Mariani
		  and J. Maricic and R. Marie and F. Marinho and A. D. Marino
		  and D. Marsden and M. Marshak and C. M. Marshall and J.
		  Marshall and J. Marteau and J. Martin-Albo and N. Martinez
		  and D. A. Martinez Caicedo and S. Martynenko and K. Mason
		  and A. Mastbaum and M. Masud and S. Matsuno and J. Matthews
		  and C. Mauger and N. Mauri and K. Mavrokoridis and I. Mawby
		  and R. Mazza and A. Mazzacane and E. Mazzucato and T.
		  McAskill and E. McCluskey and N. McConkey and K. S.
		  McFarland and C. McGrew and A. McNab and A. Mefodiev and P.
		  Mehta and P. Melas and O. Mena and S. Menary and H. Mendez
		  and D. P. M{\'e}ndez and A. Menegolli and G. Meng and M. D.
		  Messier and W. Metcalf and T. Mettler and M. Mewes and H.
		  Meyer and T. Miao and G. Michna and T. Miedema and J.
		  Migenda and V. Mikola and R. Milincic and W. Miller and J.
		  Mills and C. Milne and O. Mineev and O. G. Miranda and S.
		  Miryala and C. S. Mishra and S. R. Mishra and A. Mislivec
		  and D. Mladenov and I. Mocioiu and K. Moffat and N. Moggi
		  and R. Mohanta and T. A. Mohayai and N. Mokhov and J.
		  Molina and L. Molina Bueno and A. Montanari and C.
		  Montanari and D. Montanari and L. M. Montano Zetina and J.
		  Moon and M. Mooney and A. F. Moor and D. Moreno and C.
		  Morris and C. Mossey and E. Motuk and C. A. Moura and J.
		  Mousseau and W. Mu and L. Mualem and J. Mueller and M.
		  Muether and S. Mufson and F. Muheim and A. Muir and M.
		  Mulhearn and D. Munford and H. Muramatsu and S. Murphy and
		  J. Musser and J. Nachtman and S. Nagu and M. Nalbandyan and
		  R. Nandakumar and D. Naples and S. Narita and D.
		  Navas-Nicol\'{a}s and A. Navrer-Agasson and N. Nayak and M.
		  Nebot-Guinot and K. Negishi and J. K. Nelson and J. Nesbit
		  and M. Nessi and D. Newbold and M. Newcomer and D. Newhart
		  and H. Newton and R. Nichol and F. Nicolas-Arnaldos and E.
		  Niner and K. Nishimura and A. Norman and A. Norrick and R.
		  Northrop and P. Novella and J. A. Nowak and M. Oberling and
		  J. P. Ochoa-Ricoux and A. Olivares Del Campo and A. Olivier
		  and A. Olshevskiy and Y. Onel and Y. Onishchuk and J. Ott
		  and L. Pagani and S. Pakvasa and G. Palacio and O. Palamara
		  and S. Palestini and J. M. Paley and M. Pallavicini and C.
		  Palomares and J. L. Palomino-Gallo and E. Pantic and V.
		  Paolone and V. Papadimitriou and R. Papaleo and A.
		  Papanestis and S. Paramesvaran and S. Parke and Z. Parsa
		  and M. Parvu and S. Pascoli and L. Pasqualini and J.
		  Pasternak and J. Pater and C. Patrick and L. Patrizii and
		  R. B. Patterson and S. J. Patton and T. Patzak and A.
		  Paudel and B. Paulos and L. Paulucci and Z. Pavlovic and G.
		  Pawloski and D. Payne and V. Pec and S. J. M. Peeters and
		  E. Pennacchio and A. Penzo and O. L. G. Peres and J. Perry
		  and D. Pershey and G. Pessina and G. Petrillo and C. Petta
		  and R. Petti and F. Piastra and L. Pickering and F.
		  Pietropaolo and R. Plunkett and R. Poling and X. Pons and
		  N. Poonthottathil and S. Pordes and J. Porter and M.
		  Potekhin and R. Potenza and B. V. K. S. Potukuchi and J.
		  Pozimski and M. Pozzato and S. Prakash and T. Prakash and
		  S. Prince and D. Pugnere and X. Qian and M. C. Queiroga
		  Bazetto and J. L. Raaf and V. Radeka and J. Rademacker and
		  B. Radics and A. Rafique and E. Raguzin and M. Rai and M.
		  Rajaoalisoa and I. Rakhno and A. Rakotonandrasana and L.
		  Rakotondravohitra and Y. A. Ramachers and R. Rameika and M.
		  A. Ramirez Delgado and B. Ramson and A. Rappoldi and G.
		  Raselli and P. Ratoff and S. Raut and R. F. Razakamiandra
		  and J. S. Real and B. Rebel and M. Reggiani-Guzzo and T.
		  Rehak and J. Reichenbacher and S. D. Reitzner and H. Rejeb
		  Sfar and A. Renshaw and S. Rescia and F. Resnati and A.
		  Reynolds and C. Riccio and G. Riccobene and L. C. J. Rice
		  and J. Ricol and A. Rigamonti and Y. Rigaut and D. Rivera
		  and L. Rochester and M. Roda and P. Rodrigues and M. J.
		  Rodriguez Alonso and E. Rodriguez Bonilla and J. Rodriguez
		  Rondon and S. Rosauro-Alcaraz and M. Rosenberg and P.
		  Rosier and B. Roskovec and M. Rossella and J. Rout and P.
		  Roy and S. Roy and A. Rubbia and C. Rubbia and F. C. Rubio
		  and B. Russell and D. Ruterbories and R. Saakyan and S.
		  Sacerdoti and T. Safford and R. Sahay and N. Sahu and P.
		  Sala and N. Samios and O. Samoylov and M. C. Sanchez and D.
		  A. Sanders and D. Sankey and S. Santana and M.
		  Santos-Maldonado and N. Saoulidou and P. Sapienza and C.
		  Sarasty and I. Sarcevic and G. Savage and V. Savinov and A.
		  Scaramelli and A. Scarff and A. Scarpelli and T. Schaffer
		  and H. Schellman and P. Schlabach and D. Schmitz and K.
		  Scholberg and A. Schukraft and E. Segreto and J. Sensenig
		  and I. Seong and A. Sergi and D. Sgalaberna and M. H.
		  Shaevitz and S. Shafaq and M. Shamma and R. Sharankova and
		  H. R. Sharma and R. Sharma and R. Kumar and T. Shaw and C.
		  Shepherd-Themistocleous and S. Shin and D. Shooltz and R.
		  Shrock and L. Simard and F. Simon and N. Simos and J.
		  Sinclair and G. Sinev and J. Singh and J. Singh and V.
		  Singh and R. Sipos and F. W. Sippach and G. Sirri and A.
		  Sitraka and K. Siyeon and K. Skarpaas VIII and A. Smith and
		  E. Smith and P. Smith and J. Smolik and M. Smy and E. L.
		  Snider and P. Snopok and M. Soares Nunes and H. Sobel and
		  M. Soderberg and C. J. Solano Salinas and S.
		  S\"{o}ldner-Rembold and N. Solomey and V. Solovov and W. E.
		  Sondheim and M. Sorel and J. Soto-Oton and A. Sousa and K.
		  Soustruznik and F. Spagliardi and M. Spanu and J. Spitz and
		  N. J. C. Spooner and K. Spurgeon and R. Staley and M.
		  Stancari and L. Stanco and R. Stanley and R. Stein and H.
		  M. Steiner and J. Stewart and B. Stillwell and J. Stock and
		  F. Stocker and T. Stokes and M. Strait and T. Strauss and
		  S. Striganov and A. Stuart and J. G. Suarez and H. Sullivan
		  and D. Summers and A. Surdo and V. Susic and L. Suter and
		  C. M. Sutera and R. Svoboda and B. Szczerbinska and A. M.
		  Szelc and R. Talaga and H. A. Tanaka and B. Tapia Oregui
		  and A. Tapper and S. Tariq and E. Tatar and R. Tayloe and
		  A. M. Teklu and M. Tenti and K. Terao and C. A. Ternes and
		  F. Terranova and G. Testera and A. Thea and J. L. Thompson
		  and C. Thorn and S. C. Timm and J. Todd and A. Tonazzo and
		  D. Torbunov and M. Torti and M. Tortola and F. Tortorici
		  and D. Totani and M. Toups and C. Touramanis and J. Trevor
		  and S. Trilov and W. H. Trzaska and Y. T. Tsai and Z.
		  Tsamalaidze and K. V. Tsang and N. Tsverava and S. Tufanli
		  and C. Tull and E. Tyley and M. Tzanov and M. A. Uchida and
		  J. Urheim and T. Usher and S. Uzunyan and M. R. Vagins and
		  P. Vahle and G. A. Valdiviesso and E. Valencia and Z.
		  Vallari and J. W. F. Valle and S. Vallecorsa and R. Van
		  Berg and R. G. Van de Water and F. Varanini and D. Vargas
		  and G. Varner and J. Vasel and S. Vasina and G. Vasseur and
		  N. Vaughan and K. Vaziri and S. Ventura and A. Verdugo and
		  S. Vergani and M. A. Vermeulen and M. Verzocchi and M.
		  Vicenzi and H. Vieira de Souza and C. Vignoli and C. Vilela
		  and B. Viren and T. Vrba and T. Wachala and A. V. Waldron
		  and M. Wallbank and H. Wang and J. Wang and M. H. L. S.
		  Wang and Y. Wang and Y. Wang and K. Warburton and D. Warner
		  and M. Wascko and D. Waters and A. Watson and P. Weatherly
		  and A. Weber and M. Weber and H. Wei and A. Weinstein and
		  D. Wenman and M. Wetstein and A. White and L. H. Whitehead
		  and D. Whittington and M. J. Wilking and C. Wilkinson and
		  Z. Williams and F. Wilson and R. J. Wilson and J. Wolcott
		  and T. Wongjirad and A. Wood and K. Wood and E. Worcester
		  and M. Worcester and C. Wret and W. Wu and W. Wu and Y.
		  Xiao and E. Yandel and G. Yang and K. Yang and S. Yang and
		  T. Yang and A. Yankelevich and N. Yershov and K. Yonehara
		  and T. Young and B. Yu and H. Yu and J. Yu and W. Yuan and
		  R. Zaki and J. Zalesak and L. Zambelli and B. Zamorano and
		  A. Zani and L. Zazueta and G. Zeit and G. P. Zeller and J.
		  Zennamo and K. Zeug and C. Zhang and M. Zhao and E. Zhivun
		  and G. Zhu and P. Zilberman and E. D. Zimmerman and M. Zito
		  and S. Zucchelli and J. Zuklin and V. Zutshi and R. Zwaska},
  year		= {2021},
  eprint	= {2103.13910},
  archiveprefix	= {arXiv},
  primaryclass	= {physics.ins-det},
  url		= {https://arxiv.org/abs/2103.13910}
}

@Article{	  allenai:arc,
  author	= {Peter Clark and Isaac Cowhey and Oren Etzioni and Tushar
		  Khot and Ashish Sabharwal and Carissa Schoenick and Oyvind
		  Tafjord},
  title		= {Think you have Solved Question Answering? Try ARC, the AI2
		  Reasoning Challenge},
  journal	= {arXiv:1803.05457v1},
  year		= {2018},
  doi		= {10.48550/arXiv.1803.05457}
}

@Misc{		  bowles2024betterclassicalsubtleart,
  title		= {Better than classical? The subtle art of benchmarking
		  quantum machine learning models},
  author	= {Joseph Bowles and Shahnawaz Ahmed and Maria Schuld},
  year		= {2024},
  eprint	= {2403.07059},
  archiveprefix	= {arXiv},
  primaryclass	= {quant-ph},
  url		= {https://arxiv.org/abs/2403.07059}
}

@Misc{		  campolongo2025buildingmachinelearningchallenges,
  archiveprefix	= {arXiv},
  author	= {Elizabeth G. Campolongo and Yuan-Tang Chou and Ekaterina
		  Govorkova and Wahid Bhimji and Wei-Lun Chao and Chris
		  Harris and Shih-Chieh Hsu and Hilmar Lapp and Mark S.
		  Neubauer and Josephine Namayanja and Aneesh Subramanian and
		  Philip Harris and Advaith Anand and David E. Carlyn and
		  Subhankar Ghosh and Christopher Lawrence and Eric Moreno
		  and Ryan Raikman and Jiaman Wu and Ziheng Zhang and Bayu
		  Adhi and Mohammad Ahmadi Gharehtoragh and Saúl Alonso
		  Monsalve and Marta Babicz and Furqan Baig and Namrata
		  Banerji and William Bardon and Tyler Barna and Tanya
		  Berger-Wolf and Adji Bousso Dieng and Micah Brachman and
		  Quentin Buat and David C. Y. Hui and Phuong Cao and Franco
		  Cerino and Yi-Chun Chang and Shivaji Chaulagain and An-Kai
		  Chen and Deming Chen and Eric Chen and Chia-Jui Chou and
		  Zih-Chen Ciou and Miles Cochran-Branson and Artur Cordeiro
		  Oudot Choi and Michael Coughlin and Matteo Cremonesi and
		  Maria Dadarlat and Peter Darch and Malina Desai and Daniel
		  Diaz and Steven Dillmann and Javier Duarte and Isla Duporge
		  and Urbas Ekka and Saba Entezari Heravi and Hao Fang and
		  Rian Flynn and Geoffrey Fox and Emily Freed and Hang Gao
		  and Jing Gao and Julia Gonski and Matthew Graham and
		  Abolfazl Hashemi and Scott Hauck and James Hazelden and
		  Joshua Henry Peterson and Duc Hoang and Wei Hu and Mirco
		  Huennefeld and David Hyde and Vandana Janeja and Nattapon
		  Jaroenchai and Haoyi Jia and Yunfan Kang and Maksim
		  Kholiavchenko and Elham E. Khoda and Sangin Kim and Aditya
		  Kumar and Bo-Cheng Lai and Trung Le and Chi-Wei Lee and
		  JangHyeon Lee and Shaocheng Lee and Suzan van der Lee and
		  Charles Lewis and Haitong Li and Haoyang Li and Henry Liao
		  and Mia Liu and Xiaolin Liu and Xiulong Liu and Vladimir
		  Loncar and Fangzheng Lyu and Ilya Makarov and Abhishikth
		  Mallampalli Chen-Yu Mao and Alexander Michels and Alexander
		  Migala and Farouk Mokhtar and Mathieu Morlighem and Min
		  Namgung and Andrzej Novak and Andrew Novick and Amy Orsborn
		  and Anand Padmanabhan and Jia-Cheng Pan and Sneh Pandya and
		  Zhiyuan Pei and Ana Peixoto and George Percivall and Alex
		  Po Leung and Sanjay Purushotham and Zhiqiang Que and
		  Melissa Quinnan and Arghya Ranjan and Dylan Rankin and
		  Christina Reissel and Benedikt Riedel and Dan Rubenstein
		  and Argyro Sasli and Eli Shlizerman and Arushi Singh and
		  Kim Singh and Eric R. Sokol and Arturo Sorensen and Yu Su
		  and Mitra Taheri and Vaibhav Thakkar and Ann Mariam Thomas
		  and Eric Toberer and Chenghan Tsai and Rebecca Vandewalle
		  and Arjun Verma and Ricco C. Venterea and He Wang and
		  Jianwu Wang and Sam Wang and Shaowen Wang and Gordon Watts
		  and Jason Weitz and Andrew Wildridge and Rebecca Williams
		  and Scott Wolf and Yue Xu and Jianqi Yan and Jai Yu and
		  Yulei Zhang and Haoran Zhao and Ying Zhao and Yibo Zhong},
  eprint	= {2503.02112},
  primaryclass	= {cs.LG},
  title		= {Building Machine Learning Challenges for Anomaly Detection
		  in Science},
  url		= {https://arxiv.org/abs/2503.02112},
  year		= {2025}
}

@Misc{		  campolongo2025buildingmachinelearningchallenges2,
  archiveprefix	= {arXiv},
  author	= {Elizabeth G. Campolongo and Yuan-Tang Chou and Ekaterina
		  Govorkova and Wahid Bhimji and Wei-Lun Chao and Chris
		  Harris and Shih-Chieh Hsu and Hilmar Lapp and Mark S.
		  Neubauer and Josephine Namayanja and Aneesh Subramanian and
		  Philip Harris and Advaith Anand and David E. Carlyn and
		  Subhankar Ghosh and Christopher Lawrence and Eric Moreno
		  and Ryan Raikman and Jiaman Wu and Ziheng Zhang and Bayu
		  Adhi and Mohammad Ahmadi Gharehtoragh and Saúl Alonso
		  Monsalve and Marta Babicz and Furqan Baig and Namrata
		  Banerji and William Bardon and Tyler Barna and Tanya
		  Berger-Wolf and Adji Bousso Dieng and Micah Brachman and
		  Quentin Buat and David C. Y. Hui and Phuong Cao and Franco
		  Cerino and Yi-Chun Chang and Shivaji Chaulagain and An-Kai
		  Chen and Deming Chen and Eric Chen and Chia-Jui Chou and
		  Zih-Chen Ciou and Miles Cochran-Branson and Artur Cordeiro
		  Oudot Choi and Michael Coughlin and Matteo Cremonesi and
		  Maria Dadarlat and Peter Darch and Malina Desai and Daniel
		  Diaz and Steven Dillmann and Javier Duarte and Isla Duporge
		  and Urbas Ekka and Saba Entezari Heravi and Hao Fang and
		  Rian Flynn and Geoffrey Fox and Emily Freed and Hang Gao
		  and Jing Gao and Julia Gonski and Matthew Graham and
		  Abolfazl Hashemi and Scott Hauck and James Hazelden and
		  Joshua Henry Peterson and Duc Hoang and Wei Hu and Mirco
		  Huennefeld and David Hyde and Vandana Janeja and Nattapon
		  Jaroenchai and Haoyi Jia and Yunfan Kang and Maksim
		  Kholiavchenko and Elham E. Khoda and Sangin Kim and Aditya
		  Kumar and Bo-Cheng Lai and Trung Le and Chi-Wei Lee and
		  JangHyeon Lee and Shaocheng Lee and Suzan van der Lee and
		  Charles Lewis and Haitong Li and Haoyang Li and Henry Liao
		  and Mia Liu and Xiaolin Liu and Xiulong Liu and Vladimir
		  Loncar and Fangzheng Lyu and Ilya Makarov and Abhishikth
		  Mallampalli Chen-Yu Mao and Alexander Michels and Alexander
		  Migala and Farouk Mokhtar and Mathieu Morlighem and Min
		  Namgung and Andrzej Novak and Andrew Novick and Amy Orsborn
		  and Anand Padmanabhan and Jia-Cheng Pan and Sneh Pandya and
		  Zhiyuan Pei and Ana Peixoto and George Percivall and Alex
		  Po Leung and Sanjay Purushotham and Zhiqiang Que and
		  Melissa Quinnan and Arghya Ranjan and Dylan Rankin and
		  Christina Reissel and Benedikt Riedel and Dan Rubenstein
		  and Argyro Sasli and Eli Shlizerman and Arushi Singh and
		  Kim Singh and Eric R. Sokol and Arturo Sorensen and Yu Su
		  and Mitra Taheri and Vaibhav Thakkar and Ann Mariam Thomas
		  and Eric Toberer and Chenghan Tsai and Rebecca Vandewalle
		  and Arjun Verma and Ricco C. Venterea and He Wang and
		  Jianwu Wang and Sam Wang and Shaowen Wang and Gordon Watts
		  and Jason Weitz and Andrew Wildridge and Rebecca Williams
		  and Scott Wolf and Yue Xu and Jianqi Yan and Jai Yu and
		  Yulei Zhang and Haoran Zhao and Ying Zhao and Yibo Zhong},
  eprint	= {2503.02112},
  primaryclass	= {cs.LG},
  title		= {Building Machine Learning Challenges for Anomaly Detection
		  in Science},
  url		= {https://arxiv.org/abs/2503.02112},
  year		= {2025}
}

@Misc{		  campolongo2025buildingmachinelearningchallenges3,
  archiveprefix	= {arXiv},
  author	= {Elizabeth G. Campolongo and Yuan-Tang Chou and Ekaterina
		  Govorkova and Wahid Bhimji and Wei-Lun Chao and Chris
		  Harris and Shih-Chieh Hsu and Hilmar Lapp and Mark S.
		  Neubauer and Josephine Namayanja and Aneesh Subramanian and
		  Philip Harris and Advaith Anand and David E. Carlyn and
		  Subhankar Ghosh and Christopher Lawrence and Eric Moreno
		  and Ryan Raikman and Jiaman Wu and Ziheng Zhang and Bayu
		  Adhi and Mohammad Ahmadi Gharehtoragh and Saúl Alonso
		  Monsalve and Marta Babicz and Furqan Baig and Namrata
		  Banerji and William Bardon and Tyler Barna and Tanya
		  Berger-Wolf and Adji Bousso Dieng and Micah Brachman and
		  Quentin Buat and David C. Y. Hui and Phuong Cao and Franco
		  Cerino and Yi-Chun Chang and Shivaji Chaulagain and An-Kai
		  Chen and Deming Chen and Eric Chen and Chia-Jui Chou and
		  Zih-Chen Ciou and Miles Cochran-Branson and Artur Cordeiro
		  Oudot Choi and Michael Coughlin and Matteo Cremonesi and
		  Maria Dadarlat and Peter Darch and Malina Desai and Daniel
		  Diaz and Steven Dillmann and Javier Duarte and Isla Duporge
		  and Urbas Ekka and Saba Entezari Heravi and Hao Fang and
		  Rian Flynn and Geoffrey Fox and Emily Freed and Hang Gao
		  and Jing Gao and Julia Gonski and Matthew Graham and
		  Abolfazl Hashemi and Scott Hauck and James Hazelden and
		  Joshua Henry Peterson and Duc Hoang and Wei Hu and Mirco
		  Huennefeld and David Hyde and Vandana Janeja and Nattapon
		  Jaroenchai and Haoyi Jia and Yunfan Kang and Maksim
		  Kholiavchenko and Elham E. Khoda and Sangin Kim and Aditya
		  Kumar and Bo-Cheng Lai and Trung Le and Chi-Wei Lee and
		  JangHyeon Lee and Shaocheng Lee and Suzan van der Lee and
		  Charles Lewis and Haitong Li and Haoyang Li and Henry Liao
		  and Mia Liu and Xiaolin Liu and Xiulong Liu and Vladimir
		  Loncar and Fangzheng Lyu and Ilya Makarov and Abhishikth
		  Mallampalli Chen-Yu Mao and Alexander Michels and Alexander
		  Migala and Farouk Mokhtar and Mathieu Morlighem and Min
		  Namgung and Andrzej Novak and Andrew Novick and Amy Orsborn
		  and Anand Padmanabhan and Jia-Cheng Pan and Sneh Pandya and
		  Zhiyuan Pei and Ana Peixoto and George Percivall and Alex
		  Po Leung and Sanjay Purushotham and Zhiqiang Que and
		  Melissa Quinnan and Arghya Ranjan and Dylan Rankin and
		  Christina Reissel and Benedikt Riedel and Dan Rubenstein
		  and Argyro Sasli and Eli Shlizerman and Arushi Singh and
		  Kim Singh and Eric R. Sokol and Arturo Sorensen and Yu Su
		  and Mitra Taheri and Vaibhav Thakkar and Ann Mariam Thomas
		  and Eric Toberer and Chenghan Tsai and Rebecca Vandewalle
		  and Arjun Verma and Ricco C. Venterea and He Wang and
		  Jianwu Wang and Sam Wang and Shaowen Wang and Gordon Watts
		  and Jason Weitz and Andrew Wildridge and Rebecca Williams
		  and Scott Wolf and Yue Xu and Jianqi Yan and Jai Yu and
		  Yulei Zhang and Haoran Zhao and Ying Zhao and Yibo Zhong},
  eprint	= {2503.02112},
  primaryclass	= {cs.LG},
  title		= {Building Machine Learning Challenges for Anomaly Detection
		  in Science},
  url		= {https://arxiv.org/abs/2503.02112},
  year		= {2025}
}

@Article{	  chanussot2021oc20,
  title		= {The Open Catalyst 2020 (OC20) Dataset and Community
		  Challenges},
  author	= {Chanussot, Lowik and Das, Abhishek and Goyal, Siddharth
		  and Lavril, Thibaut and Shuaibi, Muhammed and Riviere,
		  Morgane and Tran, Kevin and Heras-Domingo, Javier and Ho,
		  Caleb and Hu, Weihua and Palizhati, Aini and Sriram,
		  Anuroop and Wood, Brandon and Yoon, Junwoong and Parikh,
		  Devi and Zitnick, C. Lawrence and Ulissi, Zachary},
  journal	= {ACS Catalysis},
  volume	= {11},
  number	= {10},
  pages		= {6059--6072},
  year		= {2021},
  doi		= {10.1021/acscatal.0c04525},
  url		= {https://pubs.acs.org/doi/10.1021/acscatal.0c04525}
}

@Misc{		  cui2025curieevaluatingllmsmultitask,
  title		= {CURIE: Evaluating LLMs On Multitask Scientific Long
		  Context Understanding and Reasoning},
  author	= {Hao Cui and Zahra Shamsi and Gowoon Cheon and Xuejian Ma
		  and Shutong Li and Maria Tikhanovskaya and Peter Norgaard
		  and Nayantara Mudur and Martyna Plomecka and Paul Raccuglia
		  and Yasaman Bahri and Victor V. Albert and Pranesh
		  Srinivasan and Haining Pan and Philippe Faist and Brian
		  Rohr and Ekin Dogus Cubuk and Muratahan Aykol and Amil
		  Merchant and Michael J. Statt and Dan Morris and Drew
		  Purves and Elise Kleeman and Ruth Alcantara and Matthew
		  Abraham and Muqthar Mohammad and Ean Phing VanLee and
		  Chenfei Jiang and Elizabeth Dorfman and Eun-Ah Kim and
		  Michael P Brenner and Viren Jain and Sameera Ponda and
		  Subhashini Venugopalan},
  year		= {2025},
  eprint	= {2503.13517},
  archiveprefix	= {arXiv},
  primaryclass	= {cs.CL},
  url		= {https://arxiv.org/abs/2503.13517}
}

@Misc{		  diguglielmo2025endtoendworkflowmachinelearningbased,
  archiveprefix	= {arXiv},
  author	= {Giuseppe Di Guglielmo and Botao Du and Javier Campos and
		  Alexandra Boltasseva and Akash V. Dixit and Farah Fahim and
		  Zhaxylyk Kudyshev and Santiago Lopez and Ruichao Ma and
		  Gabriel N. Perdue and Nhan Tran and Omer Yesilyurt and
		  Daniel Bowring},
  eprint	= {2501.14663},
  primaryclass	= {quant-ph},
  title		= {End-to-end workflow for machine learning-based qubit
		  readout with QICK and hls4ml},
  url		= {https://arxiv.org/abs/2501.14663},
  year		= {2025}
}

@Article{	  doi:10.1021/acscatal.0c04525,
  author	= {Chanussot, Lowik and Das, Abhishek and Goyal, Siddharth
		  and Lavril, Thibaut and Shuaibi, Muhammed and Riviere,
		  Morgane and Tran, Kevin and Heras-Domingo, Javier and Ho,
		  Caleb and Hu, Weihua and Palizhati, Aini and Sriram,
		  Anuroop and Wood, Brandon and Yoon, Junwoong and Parikh,
		  Devi and Zitnick, C. Lawrence and Ulissi, Zachary},
  title		= {Open Catalyst 2020 (OC20) Dataset and Community
		  Challenges},
  journal	= {ACS Catalysis},
  volume	= {11},
  number	= {10},
  pages		= {6059-6072},
  year		= {2021},
  doi		= {10.1021/acscatal.0c04525},
  url		= {https://doi.org/10.1021/acscatal.0c04525},
  eprint	= {https://doi.org/10.1021/acscatal.0c04525}
}

@Misc{		  duarte2022fastml,
  archiveprefix	= {arXiv},
  author	= {Javier Duarte and Nhan Tran and Ben Hawks and Christian
		  Herwig and Jules Muhizi and Shvetank Prakash and Vijay
		  Janapa Reddi},
  eprint	= {2207.07958},
  primaryclass	= {cs.LG},
  title		= {FastML Science Benchmarks: Accelerating Real-Time
		  Scientific Edge Machine Learning},
  url		= {https://arxiv.org/abs/2207.07958},
  year		= {2022}
}

@Misc{		  duarte2022fastmlsciencebenchmarksaccelerating2,
  archiveprefix	= {arXiv},
  author	= {Javier Duarte and Nhan Tran and Ben Hawks and Christian
		  Herwig and Jules Muhizi and Shvetank Prakash and Reddi,
		  Vijay Janapa},
  eprint	= {2207.07958},
  primaryclass	= {cs.LG},
  title		= {FastML Science Benchmarks: Accelerating Real-Time
		  Scientific Edge Machine Learning},
  url		= {https://arxiv.org/abs/2207.07958},
  year		= {2022}
}

@Misc{		  duarte2022fastmlsciencebenchmarksaccelerating3,
  archiveprefix	= {arXiv},
  author	= {Javier Duarte and Nhan Tran and Ben Hawks and Christian
		  Herwig and Jules Muhizi and Shvetank Prakash and Vijay
		  Janapa Reddi},
  eprint	= {2207.07958},
  primaryclass	= {cs.LG},
  title		= {FastML Science Benchmarks: Accelerating Real-Time
		  Scientific Edge Machine Learning},
  url		= {https://arxiv.org/abs/2207.07958},
  year		= {2022}
}

@Misc{		  fang2024domainagnosticmoleculargenerationchemical,
  archiveprefix	= {arXiv},
  author	= {Yin Fang and Ningyu Zhang and Zhuo Chen and Lingbing Guo
		  and Xiaohui Fan and Huajun Chen},
  eprint	= {2301.11259},
  primaryclass	= {cs.LG},
  title		= {Domain-Agnostic Molecular Generation with Chemical
		  Feedback},
  url		= {https://arxiv.org/abs/2301.11259},
  year		= {2024}
}

@Misc{		  farrell2021mlperfhpcholisticbenchmark,
  archiveprefix	= {arXiv},
  author	= {Steven Farrell and Murali Emani and Jacob Balma and Lukas
		  Drescher and Aleksandr Drozd and Andreas Fink and Geoffrey
		  Fox and David Kanter and Thorsten Kurth and Peter Mattson
		  and Dawei Mu and Amit Ruhela and Kento Sato and Koichi
		  Shirahata and Tsuguchika Tabaru and Aristeidis Tsaris and
		  Jan Balewski and Ben Cumming and Takumi Danjo and Jens
		  Domke and Takaaki Fukai and Naoto Fukumoto and Tatsuya
		  Fukushi and Balazs Gerofi and Takumi Honda and Toshiyuki
		  Imamura and Akihiko Kasagi and Kentaro Kawakami and Shuhei
		  Kudo and Akiyoshi Kuroda and Maxime Martinasso and Satoshi
		  Matsuoka and Henrique Mendonça and Kazuki Minami and
		  Prabhat Ram and Takashi Sawada and Mallikarjun Shankar and
		  Tom St. John and Akihiro Tabuchi and Venkatram Vishwanath
		  and Mohamed Wahib and Masafumi Yamazaki and Junqi Yin},
  eprint	= {2110.11466},
  primaryclass	= {cs.LG},
  title		= {MLPerf HPC: A Holistic Benchmark Suite for Scientific
		  Machine Learning on HPC Systems},
  url		= {https://arxiv.org/abs/2110.11466},
  year		= {2021}
}

@Misc{		  glazer2024frontiermathbenchmarkevaluatingadvanced,
  archiveprefix	= {arXiv},
  author	= {Elliot Glazer and Ege Erdil and Tamay Besiroglu and Diego
		  Chicharro and Evan Chen and Alex Gunning and Caroline
		  Falkman Olsson and Jean-Stanislas Denain and Anson Ho and
		  Emily de Oliveira Santos and Olli J\"{a}rviniemi and
		  Matthew Barnett and Robert Sandler and Matej Vrzala and
		  Jaime Sevilla and Qiuyu Ren and Elizabeth Pratt and Lionel
		  Levine and Grant Barkley and Natalie Stewart and Bogdan
		  Grechuk and Tetiana Grechuk and Shreepranav Varma Enugandla
		  and Mark Wildon},
  eprint	= {2411.04872},
  primaryclass	= {cs.AI},
  title		= {FrontierMath: A Benchmark for Evaluating Advanced
		  Mathematical Reasoning in AI},
  url		= {https://arxiv.org/abs/2411.04872},
  year		= {2024}
}

@Misc{		  hendrycks2021measuring,
  title		= {Measuring Massive Multitask Language Understanding},
  author	= {Hendrycks, Dan and Burns, Collin and Kadavath, Saurav},
  journal	= {arXiv preprint arXiv:2009.03300},
  year		= {2021},
  url		= {https://arxiv.org/abs/2009.03300}
}

@Misc{		  https://doi.org/10.5281/zenodo.5046389,
  author	= {Aarrestad, Thea and Govorkova, Ekaterina and Ngadiuba,
		  Jennifer and Puljak, Ema and Pierini, Maurizio and Wozniak,
		  Kinga Anna},
  copyright	= {Creative Commons Attribution 4.0 International},
  doi		= {10.5281/ZENODO.5046389},
  publisher	= {Zenodo},
  title		= {Unsupervised New Physics detection at 40 MHz: Training
		  Dataset},
  url		= {https://zenodo.org/record/5046389},
  year		= {2021}
}

@Misc{		  hu2021opengraphbenchmarkdatasets,
  archiveprefix	= {arXiv},
  author	= {Weihua Hu and Matthias Fey and Marinka Zitnik and Yuxiao
		  Dong and Hongyu Ren and Bowen Liu and Michele Catasta and
		  Jure Leskovec},
  eprint	= {2005.00687},
  primaryclass	= {cs.LG},
  title		= {Open Graph Benchmark: Datasets for Machine Learning on
		  Graphs},
  url		= {https://arxiv.org/abs/2005.00687},
  year		= {2021}
}

@Article{	  jain2013materials,
  title		= {The Materials Project: A materials genome approach},
  author	= {Jain, Anubhav and Ong, Shyue Ping and Hautier, Geoffroy
		  and Chen, Wei and Richards, William Davidson and Dacek,
		  Stephen and Cholia, Shreyas and Gunter, Dan and Skinner,
		  David and Ceder, Gerbrand and Persson, Kristin A.},
  journal	= {APL Materials},
  volume	= {1},
  number	= {1},
  year		= {2013},
  doi		= {10.1063/1.4812323},
  url		= {https://materialsproject.org/}
}

@Misc{		  jin2020diseasedoespatienthave,
  archiveprefix	= {arXiv},
  author	= {Di Jin and Eileen Pan and Nassim Oufattole and Wei-Hung
		  Weng and Hanyi Fang and Peter Szolovits},
  eprint	= {2009.13081},
  primaryclass	= {cs.CL},
  title		= {What Disease does this Patient Have? A Large-scale Open
		  Domain Question Answering Dataset from Medical Exams},
  url		= {https://arxiv.org/abs/2009.13081},
  year		= {2020}
}

@Misc{		  kafkes2021boostrdatasetacceleratorcontrol,
  archiveprefix	= {arXiv},
  author	= {Diana Kafkes and Jason St. John},
  eprint	= {2101.08359},
  primaryclass	= {physics.acc-ph},
  title		= {BOOSTR: A Dataset for Accelerator Control Systems},
  url		= {https://arxiv.org/abs/2101.08359},
  year		= {2021}
}

@Article{	  karargyris2023federated,
  author	= {Karargyris, Alexandros and Umeton, Renato and Sheller,
		  Micah J. and Aristizabal, Alejandro and George, Johnu and
		  Wuest, Anna and Pati, Sarthak and Kassem, Hasan and Zenk,
		  Maximilian and Baid, Ujjwal and Narayana Moorthy, Prakash
		  and Chowdhury, Alexander and Guo, Junyi and Nalawade, Sahil
		  and Rosenthal, Jacob and Kanter, David and Xenochristou,
		  Maria and Beutel, Daniel J. and Chung, Verena and
		  Bergquist, Timothy and Eddy, James and Abid, Abubakar and
		  Tunstall, Lewis and Sanseviero, Omar and Dimitriadis,
		  Dimitrios and Qian, Yiming and Xu, Xinxing and Liu, Yong
		  and Goh, Rick Siow Mong and Bala, Srini and Bittorf, Victor
		  and Puchala, Sreekar Reddy and Ricciuti, Biagio and
		  Samineni, Soujanya and Sengupta, Eshna and Chaudhari,
		  Akshay and Coleman, Cody and Desinghu, Bala and Diamos,
		  Gregory and Dutta, Debo and Feddema, Diane and Fursin,
		  Grigori and Huang, Xinyuan and Kashyap, Satyananda and
		  Lane, Nicholas and Mallick, Indranil and Mascagni, Pietro
		  and Mehta, Virendra and Moraes, Cassiano Ferro and
		  Natarajan, Vivek and Nikolov, Nikola and Padoy, Nicolas and
		  Pekhimenko, Gennady and Reddi, Vijay Janapa and Reina, G.
		  Anthony and Ribalta, Pablo and Singh, Abhishek and
		  Thiagarajan, Jayaraman J. and Albrecht, Jacob and Wolf,
		  Thomas and Miller, Geralyn and Fu, Huazhu and Shah,
		  Prashant and Xu, Daguang and Yadav, Poonam and Talby, David
		  and Awad, Mark M. and Howard, Jeremy P. and Rosenthal,
		  Michael and Marchionni, Luigi and Loda, Massimo and
		  Johnson, Jason M. and Bakas, Spyridon and Mattson, Peter
		  and FeTS Consortium and BraTS-2020 Consortium and
		  AI4SafeChole Consortium},
  month		= jul,
  doi		= {10.1038/s42256-023-00652-2},
  journal	= {Nature Machine Intelligence},
  number	= {7},
  pages		= {799--810},
  title		= {Federated benchmarking of medical artificial intelligence
		  with MedPerf},
  url		= {https://doi.org/10.1038/s42256-023-00652-2},
  volume	= {5},
  year		= {2023}
}

@Misc{		  khrabrov2024nabla2dftuniversalquantumchemistry,
  title		= {Delta-Squared DFT: A Universal Quantum Chemistry Dataset
		  of Drug-Like Molecules and a Benchmark for Neural Network
		  Potentials},
  author	= {Kuzma Khrabrov and Anton Ber and Artem Tsypin and
		  Konstantin Ushenin and Egor Rumiantsev and Alexander
		  Telepov and Dmitry Protasov and Ilya Shenbin and Anton
		  Alekseev and Mikhail Shirokikh and Sergey Nikolenko and
		  Elena Tutubalina and Artur Kadurin},
  year		= {2024},
  eprint	= {2406.14347},
  archiveprefix	= {arXiv},
  primaryclass	= {physics.chem-ph},
  url		= {https://arxiv.org/abs/2406.14347}
}

@Misc{		  krause2024calochallenge2022communitychallenge,
  archiveprefix	= {arXiv},
  author	= {Claudius Krause and Michele Faucci Giannelli and Gregor
		  Kasieczka and Benjamin Nachman and Dalila Salamani and
		  David Shih and Anna Zaborowska and Oz Amram and Kerstin
		  Borras and Matthew R. Buckley and Erik Buhmann and Thorsten
		  Buss and Renato Paulo Da Costa Cardoso and Anthony L.
		  Caterini and Nadezda Chernyavskaya and Federico A. G.
		  Corchia and Jesse C. Cresswell and Sascha Diefenbacher and
		  Etienne Dreyer and Vijay Ekambaram and Engin Eren and
		  Florian Ernst and Luigi Favaro and Matteo Franchini and
		  Frank Gaede and Eilam Gross and Shih-Chieh Hsu and Kristina
		  Jaruskova and Benno Käch and Jayant Kalagnanam and Raghav
		  Kansal and Taewoo Kim and Dmitrii Kobylianskii and Anatolii
		  Korol and William Korcari and Dirk Krücker and Katja
		  Krüger and Marco Letizia and Shu Li and Qibin Liu and
		  Xiulong Liu and Gabriel Loaiza-Ganem and Thandikire Madula
		  and Peter McKeown and Isabell-A. Melzer-Pellmann and
		  Vinicius Mikuni and Nam Nguyen and Ayodele Ore and Sofia
		  Palacios Schweitzer and Ian Pang and Kevin Pedro and Tilman
		  Plehn and Witold Pokorski and Huilin Qu and Piyush Raikwar
		  and John A. Raine and Humberto Reyes-Gonzalez and Lorenzo
		  Rinaldi and Brendan Leigh Ross and Moritz A. W. Scham and
		  Simon Schnake and Chase Shimmin and Eli Shlizerman and
		  Nathalie Soybelman and Mudhakar Srivatsa and Kalliopi
		  Tsolaki and Sofia Vallecorsa and Kyongmin Yeo and Rui
		  Zhang},
  eprint	= {2410.21611},
  primaryclass	= {physics.ins-det},
  title		= {CaloChallenge 2022: A Community Challenge for Fast
		  Calorimeter Simulation},
  url		= {https://arxiv.org/abs/2410.21611},
  year		= {2024}
}

@Misc{		  kvapil2025intelligentexperimentsrealtimeai,
  archiveprefix	= {arXiv},
  author	= {J. Kvapil and G. Borca-Tasciuc and H. Bossi and K. Chen
		  and Y. Chen and Y. Corrales Morales and H. Da Costa and C.
		  Da Silva and C. Dean and J. Durham and S. Fu and C. Hao and
		  P. Harris and O. Hen and H. Jheng and Y. Lee and P. Li and
		  X. Li and Y. Lin and M. X. Liu and V. Loncar and J. P.
		  Mitrevski and A. Olvera and M. L. Purschke and J. S. Renck
		  and G. Roland and J. Schambach and Z. Shi and N. Tran and
		  N. Wuerfel and B. Xu and D. Yu and H. Zhang},
  eprint	= {2501.04845},
  primaryclass	= {physics.ins-det},
  title		= {Intelligent experiments through real-time AI: Fast Data
		  Processing and Autonomous Detector Control for sPHENIX and
		  future EIC detectors},
  url		= {https://arxiv.org/abs/2501.04845},
  year		= {2025}
}

@Article{	  lightman2023lets,
  title		= {Let's Verify Step by Step},
  author	= {Lightman, Hunter and Kosaraju, Vineet and Burda, Yura and
		  Edwards, Harri and Baker, Bowen and Lee, Teddy and Leike,
		  Jan and Schulman, John and Sutskever, Ilya and Cobbe,
		  Karl},
  journal	= {arXiv preprint arXiv:2305.20050},
  year		= {2023},
  eprint	= {arXiv:2305.20050},
  doi		= {10.48550/arXiv.2305.20050}
}

@Misc{		  liu2021braggnnfastxraybragg,
  archiveprefix	= {arXiv},
  author	= {Zhengchun Liu and Hemant Sharma and Jun-Sang Park and
		  Peter Kenesei and Antonino Miceli and Jonathan Almer and
		  Rajkumar Kettimuthu and Ian Foster},
  eprint	= {2008.08198},
  primaryclass	= {eess.IV},
  title		= {BraggNN: Fast X-ray Bragg Peak Analysis Using Deep
		  Learning},
  url		= {https://arxiv.org/abs/2008.08198},
  year		= {2021}
}

@Misc{		  luo2024cfdbenchlargescalebenchmarkmachine,
  title		= {CFDBench: A Large-Scale Benchmark for Machine Learning
		  Methods in Fluid Dynamics},
  author	= {Luo, Yining and Chen, Yingfa and Zhang, Zhen},
  year		= {2024},
  url		= {https://arxiv.org/abs/2310.05963}
}

@Misc{		  luo2025benchmarkingaiscientistsomics,
  archiveprefix	= {arXiv},
  author	= {Erpai Luo and Jinmeng Jia and Yifan Xiong and Xiangyu Li
		  and Xiaobo Guo and Baoqi Yu and Lei Wei and Xuegong Zhang},
  eprint	= {2505.08341},
  primaryclass	= {cs.AI},
  title		= {Benchmarking AI scientists in omics data-driven biological
		  research},
  url		= {https://arxiv.org/abs/2505.08341},
  year		= {2025}
}

@Misc{		  mudur2025feabenchevaluatinglanguagemodels,
  title		= {FEABench: Evaluating Language Models on Multiphysics
		  Reasoning Ability},
  author	= {Nayantara Mudur and Hao Cui and Subhashini Venugopalan and
		  Paul Raccuglia and Michael P. Brenner and Peter Norgaard},
  year		= {2025},
  eprint	= {2504.06260},
  archiveprefix	= {arXiv},
  primaryclass	= {cs.AI},
  url		= {https://arxiv.org/abs/2504.06260}
}

@InProceedings{	  neurips2024_0db7f135,
  author	= {Wang, Yiheng and Wang, Tianyu and Zhang, Yuying and Zhang,
		  Hongji and Zheng, Haoyu and Zheng, Guanjie and Kong,
		  Linghe},
  booktitle	= {Advances in Neural Information Processing Systems},
  editor	= {A. Globerson and L. Mackey and D. Belgrave and A. Fan and
		  U. Paquet and J. Tomczak and C. Zhang},
  pages		= {7296--7310},
  publisher	= {Curran Associates, Inc.},
  title		= {UrbanDataLayer: A Unified Data Pipeline for Urban
		  Science},
  url		= {https://proceedings.neurips.cc/paper_files/paper/2024/file/0db7f135f6991e8cec5e516ecc66bfba-Paper-Datasets_and_Benchmarks_Track.pdf},
  volume	= {37},
  year		= {2024}
}

@InProceedings{	  neurips2024_4f9a5acd,
  author	= {Ohana, Ruben and McCabe, Michael and Meyer, Lucas and
		  Morel, Rudy and Agocs, Fruzsina J. and Beneitez, Miguel and
		  Berger, Marsha and Burkhart, Blakesley and Dalziel, Stuart
		  B. and Fielding, Drummond B. and Fortunato, Daniel and
		  Goldberg, Jared A. and Hirashima, Keiya and Jiang, Yan-Fei
		  and Kerswell, Rich R. and Maddu, Suryanarayana and Miller,
		  Jonah and Mukhopadhyay, Payel and Nixon, Stefan S. and
		  Shen, Jeff and Watteaux, Romain and Blancard, Bruno
		  R\'{e}galdo-Saint and Rozet, Fran\c{c}ois and Parker, Liam
		  H. and Cranmer, Miles and Ho, Shirley},
  booktitle	= {Advances in Neural Information Processing Systems},
  editor	= {A. Globerson and L. Mackey and D. Belgrave and A. Fan and
		  U. Paquet and J. Tomczak and C. Zhang},
  pages		= {44989--45037},
  publisher	= {Curran Associates, Inc.},
  title		= {The Well: a Large-Scale Collection of Diverse Physics
		  Simulations for Machine Learning},
  url		= {https://proceedings.neurips.cc/paper_files/paper/2024/file/4f9a5acd91ac76569f2fe291b1f4772b-Paper-Datasets_and_Benchmarks_Track.pdf},
  volume	= {37},
  year		= {2024}
}

@InProceedings{	  neurips2024_a8063075,
  author	= {Zou, Deyu and Liu, Shikun and Miao, Siqi and Fung, Victor
		  and Chang, Shiyu and Li, Pan},
  booktitle	= {Advances in Neural Information Processing Systems},
  editor	= {A. Globerson and L. Mackey and D. Belgrave and A. Fan and
		  U. Paquet and J. Tomczak and C. Zhang},
  pages		= {92499--92528},
  publisher	= {Curran Associates, Inc.},
  title		= {GeSS: Benchmarking Geometric Deep Learning under
		  Scientific Applications with Distribution Shifts},
  url		= {https://proceedings.neurips.cc/paper_files/paper/2024/file/a8063075b00168dc39bc81683619f1a8-Paper-Datasets_and_Benchmarks_Track.pdf},
  volume	= {37},
  year		= {2024}
}

@InProceedings{	  neurips2024_c00d37d6,
  author	= {Peterson, Ralph E and Tanelus, Aramis and Ick, Christopher
		  and Mimica, Bartul and Francis, Niegil and Ivan, Violet J
		  and Choudhri, Aman and Falkner, Annegret L and Murthy, Mala
		  and Schneider, David M and Sanes, Dan H and Williams, Alex
		  H},
  booktitle	= {Advances in Neural Information Processing Systems},
  editor	= {A. Globerson and L. Mackey and D. Belgrave and A. Fan and
		  U. Paquet and J. Tomczak and C. Zhang},
  pages		= {106370--106382},
  publisher	= {Curran Associates, Inc.},
  title		= {Vocal Call Locator Benchmark (VCL) for localizing rodent
		  vocalizations from multi-channel audio},
  url		= {https://proceedings.neurips.cc/paper_files/paper/2024/file/c00d37d6b04d73b870b963a4d70051c1-Paper-Datasets_and_Benchmarks_Track.pdf},
  volume	= {37},
  year		= {2024}
}

@InProceedings{	  neurips2024_c4e3b55e,
  author	= {Chen, Pin and Peng, Luoxuan and Jiao, Rui and Mo, Qing and
		  Wang, Zhen and Huang, Wenbing and Liu, Yang and Lu,
		  Yutong},
  booktitle	= {Advances in Neural Information Processing Systems},
  editor	= {A. Globerson and L. Mackey and D. Belgrave and A. Fan and
		  U. Paquet and J. Tomczak and C. Zhang},
  pages		= {108902--108928},
  publisher	= {Curran Associates, Inc.},
  title		= {Learning Superconductivity from Ordered and Disordered
		  Material Structures},
  url		= {https://proceedings.neurips.cc/paper_files/paper/2024/file/c4e3b55ed4ac9ba52d7df11f8bddbbf4-Paper-Datasets_and_Benchmarks_Track.pdf},
  volume	= {37},
  year		= {2024}
}

@InProceedings{	  neurips2024_c6c31413,
  author	= {Bushuiev, Roman and Bushuiev, Anton and de Jonge, Niek F.
		  and Young, Adamo and Kretschmer, Fleming and Samusevich,
		  Raman and Heirman, Janne and Wang, Fei and Zhang, Luke and
		  D\"{u}hrkop, Kai and Ludwig, Marcus and Haupt, Nils A. and
		  Kalia, Apurva and Brungs, Corinna and Schmid, Robin and
		  Greiner, Russell and Wang, Bo and Wishart, David S. and
		  Liu, Li-Ping and Rousu, Juho and Bittremieux, Wout and
		  Rost, Hannes and Mak, Tytus D. and Hassoun, Soha and Huber,
		  Florian and van der Hooft, Justin J.J. and Stravs, Michael
		  A. and B\"{o}cker, Sebastian and Sivic, Josef and Pluskal,
		  Tom\'{a}\v{s}},
  booktitle	= {Advances in Neural Information Processing Systems},
  editor	= {A. Globerson and L. Mackey and D. Belgrave and A. Fan and
		  U. Paquet and J. Tomczak and C. Zhang},
  pages		= {110010--110027},
  publisher	= {Curran Associates, Inc.},
  title		= {MassSpecGym: A benchmark for the discovery and
		  identification of molecules},
  url		= {https://proceedings.neurips.cc/paper_files/paper/2024/file/c6c31413d5c53b7d1c343c1498734b0f-Paper-Datasets_and_Benchmarks_Track.pdf},
  volume	= {37},
  year		= {2024}
}

@Misc{		  nguyen2023climatelearnbenchmarkingmachinelearning,
  title		= {ClimateLearn: Benchmarking Machine Learning for Weather
		  and Climate Modeling},
  author	= {Tung Nguyen and Jason Jewik and Hritik Bansal and Prakhar
		  Sharma and Aditya Grover},
  year		= {2023},
  eprint	= {2307.01909},
  archiveprefix	= {arXiv},
  primaryclass	= {cs.LG},
  url		= {https://arxiv.org/abs/2307.01909}
}

@Misc{		  nguyen2024seafloor,
  archiveprefix	= {arXiv},
  author	= {Kien X. Nguyen and Fengchun Qiao and Arthur Trembanis and
		  Xi Peng},
  eprint	= {2411.00172},
  primaryclass	= {cs.CV},
  title		= {SeafloorAI: A Large-scale Vision-Language Dataset for
		  Seafloor Geological Survey},
  url		= {https://arxiv.org/abs/2411.00172},
  year		= 2024
}

@Misc{		  odagiu2024ultrafastjetclassificationfpgas,
  archiveprefix	= {arXiv},
  author	= {Patrick Odagiu and Zhiqiang Que and Javier Duarte and
		  Johannes Haller and Gregor Kasieczka and Artur Lobanov and
		  Vladimir Loncar and Wayne Luk and Jennifer Ngadiuba and
		  Maurizio Pierini and Philipp Rincke and Arpita Seksaria and
		  Sioni Summers and Andre Sznajder and Alexander Tapper and
		  Thea K. Aarrestad},
  doi		= {https://doi.org/10.1088/2632-2153/ad5f10},
  eprint	= {2402.01876},
  primaryclass	= {hep-ex},
  title		= {Ultrafast jet classification on FPGAs for the HL-LHC},
  url		= {https://arxiv.org/abs/2402.01876},
  year		= {2024}
}

@Misc{		  parpillon2024smartpixelsinpixelai,
  archiveprefix	= {arXiv},
  author	= {Benjamin Parpillon and Chinar Syal and Jieun Yoo and
		  Jennet Dickinson and Morris Swartz and Giuseppe Di
		  Guglielmo and Alice Bean and Douglas Berry and Manuel
		  Blanco Valentin and Karri DiPetrillo and Anthony Badea and
		  Lindsey Gray and Petar Maksimovic and Corrinne Mills and
		  Mark S. Neubauer and Gauri Pradhan and Nhan Tran and Dahai
		  Wen and Farah Fahim},
  eprint	= {2406.14860},
  primaryclass	= {physics.ins-det},
  title		= {Smart Pixels: In-pixel AI for on-sensor data filtering},
  url		= {https://arxiv.org/abs/2406.14860},
  year		= {2024}
}

@Misc{		  pramanick2025spiqadatasetmultimodalquestion,
  title		= {SPIQA: A Dataset for Multimodal Question Answering on
		  Scientific Papers},
  author	= {Shraman Pramanick and Rama Chellappa and Subhashini
		  Venugopalan},
  year		= {2025},
  eprint	= {2407.09413},
  archiveprefix	= {arXiv},
  primaryclass	= {cs.CL},
  url		= {https://arxiv.org/abs/2407.09413}
}

@InProceedings{	  qin2023extremely,
  title		= {Extremely Noisy 4D-TEM Strain Mapping Using Cycle
		  Consistent Spatial Transforming Autoencoders},
  author	= {Shuyu Qin and Joshua Agar and Nhan Tran},
  booktitle	= {AI for Accelerated Materials Design - NeurIPS 2023
		  Workshop},
  year		= {2023},
  url		= {https://openreview.net/forum?id=7yt3N0o0W9}
}

@InProceedings{	  quench2024,
  author	= {Maira Khan and Steve Krave and Vittorio Marinozzi and
		  Jennifer Ngadiuba and Stoyan Stoynev and Nhan Tran},
  title		= {Benchmarking and Interpreting Real Time Quench Detection
		  Algorithms},
  booktitle	= {Fast Machine Learning for Science Conference 2024},
  year		= {2024},
  month		= oct,
  address	= {Purdue University, IN},
  publisher	= {indico.cern.ch},
  url		= {https://indico.cern.ch/event/1387540/contributions/6153618/attachments/2948441/5182077/fast_ml_magnets_2024_final.pdf}
}

@Misc{		  rein2023gpqagraduatelevelgoogleproofqa,
  title		= {GPQA: A Graduate-Level Google-Proof Q and A Benchmark},
  author	= {Rein, David and Hou, Betty Li and Stickland, Asa Cooper},
  year		= {2023},
  url		= {https://arxiv.org/abs/2311.12022}
}

@Misc{		  rein2023gpqagraduatelevelgoogleproofqa2,
  archiveprefix	= {arXiv},
  author	= {David Rein and Betty Li Hou and Asa Cooper Stickland and
		  Jackson Petty and Richard Yuanzhe Pang and Julien Dirani
		  and Julian Michael and Samuel R. Bowman},
  eprint	= {2311.12022},
  primaryclass	= {cs.AI},
  title		= {GPQA: A Graduate-Level Google-Proof Q and A Benchmark},
  url		= {https://arxiv.org/abs/2311.12022},
  year		= {2023}
}

@Article{	  roberts2023satin,
  author	= "Roberts, Jonathan and Han, Kai and Albanie, Samuel",
  title		= "Satin: A multi-task metadataset for classifying satellite
		  imagery using vision-language models",
  year		= "2023",
  month		= "3",
  journal	= "ICCV Workshop: Towards the Next Generation of Computer
		  Vision Datasets",
  doi		= "10.48550/arXiv.2304.11619"
}

@Misc{		  takamoto2024pdebenchextensivebenchmarkscientific,
  archiveprefix	= {arXiv},
  author	= {Makoto Takamoto and Timothy Praditia and Raphael Leiteritz
		  and Dan MacKinlay and Francesco Alesiani and Dirk Pflüger
		  and Mathias Niepert},
  eprint	= {2210.07182},
  primaryclass	= {cs.LG},
  title		= {PDEBENCH: An Extensive Benchmark for Scientific Machine
		  Learning},
  url		= {https://arxiv.org/abs/2210.07182},
  year		= {2024}
}

@Misc{		  tian2024scicoderesearchcodingbenchmark,
  archiveprefix	= {arXiv},
  author	= {Minyang Tian and Luyu Gao and Shizhuo Dylan Zhang and
		  Xinan Chen and Cunwei Fan and Xuefei Guo and Roland Haas
		  and Pan Ji and Kittithat Krongchon and Yao Li and Shengyan
		  Liu and Di Luo and Yutao Ma and Hao Tong and Kha Trinh and
		  Chenyu Tian and Zihan Wang and Bohao Wu and Yanyu Xiong and
		  Shengzhu Yin and Minhui Zhu and Kilian Lieret and Yanxin Lu
		  and Genglin Liu and Yufeng Du and Tianhua Tao and Ofir
		  Press and Jamie Callan and Eliu Huerta and Hao Peng},
  eprint	= {2407.13168},
  primaryclass	= {cs.AI},
  title		= {SciCode: A Research Coding Benchmark Curated by
		  Scientists},
  url		= {https://arxiv.org/abs/2407.13168},
  year		= {2024}
}

@Article{	  tran2023b,
  title		= {The Open Catalyst 2022 (OC22) Dataset and Challenges for
		  Oxide Electrocatalysts},
  volume	= {13},
  issn		= {2155-5435},
  url		= {http://dx.doi.org/10.1021/acscatal.2c05426},
  doi		= {10.1021/acscatal.2c05426},
  number	= {5},
  journal	= {ACS Catalysis},
  publisher	= {American Chemical Society (ACS)},
  author	= {Tran, Richard and Lan, Janice and Shuaibi, Muhammed and
		  Wood, Brandon M. and Goyal, Siddharth and Das, Abhishek and
		  Heras-Domingo, Javier and Kolluru, Adeesh and Rizvi, Ammar
		  and Shoghi, Nima and Sriram, Anuroop and Therrien,
		  F\'{e}lix and Abed, Jehad and Voznyy, Oleksandr and
		  Sargent, Edward H. and Ulissi, Zachary and Zitnick, C.
		  Lawrence},
  year		= {2023},
  month		= feb,
  pages		= {3066-3084}
}

@Article{	  tran2023oc22,
  title		= {The Open Catalyst 2022 (OC22) Dataset and Challenges for
		  Oxide Electrocatalysts},
  author	= {Tran, Richard and Lan, Janice and Shuaibi, Muhammed and
		  Wood, Brandon M. and Goyal, Siddharth and Das, Abhishek and
		  Heras-Domingo, Javier and Kolluru, Adeesh and Rizvi, Ammar
		  and Shoghi, Nima and Sriram, Anuroop and Therrien,
		  F\'{e}lix and Abed, Jehad and Voznyy, Oleksandr and
		  Sargent, Edward H. and Ulissi, Zachary and Zitnick, C.
		  Lawrence},
  journal	= {ACS Catalysis},
  volume	= {13},
  number	= {5},
  pages		= {3066--3084},
  year		= {2023},
  doi		= {10.1021/acscatal.2c05426},
  url		= {https://pubs.acs.org/doi/10.1021/acscatal.2c05426}
}

@Misc{		  wei2024lowlatencyopticalbasedmode,
  archiveprefix	= {arXiv},
  author	= {Yumou Wei and Ryan F. Forelli and Chris Hansen and Jeffrey
		  P. Levesque and Nhan Tran and Joshua C. Agar and Giuseppe
		  Di Guglielmo and Michael E. Mauel and Gerald A. Navratil},
  doi		= {https://doi.org/10.1063/5.0190354},
  eprint	= {2312.00128},
  primaryclass	= {physics.plasm-ph},
  title		= {Low latency optical-based mode tracking with machine
		  learning deployed on FPGAs on a tokamak},
  url		= {https://arxiv.org/abs/2312.00128},
  year		= {2024}
}

@Misc{		  weitz2025neuralarchitecturecodesignfast,
  archiveprefix	= {arXiv},
  author	= {Jason Weitz and Dmitri Demler and Luke McDermott and Nhan
		  Tran and Javier Duarte},
  eprint	= {2501.05515},
  primaryclass	= {cs.LG},
  title		= {Neural Architecture Codesign for Fast Physics
		  Applications},
  url		= {https://arxiv.org/abs/2501.05515},
  year		= {2025}
}

@Misc{		  www-aime,
  author	= {TBD},
  title		= {AIME},
  url		= {https://www.vals.ai/benchmarks/aime-2025-03-13},
  month		= mar,
  year		= 2025,
  note		= {[Online accessed 2025-06-24]}
}

@InProceedings{	  zhang2024empowering,
  title		= {Empowering and Assessing the Utility of Large Language
		  Models in Crop Science},
  author	= {Hang Zhang and Jiawei Sun and Renqi Chen and Wei Liu and
		  Zhonghang Yuan and Xinzhe Zheng and Zhefan Wang and Zhiyuan
		  Yang and Hang Yan and Han-Sen Zhong and Xiqing Wang and
		  Wanli Ouyang and Fan Yang and Nanqing Dong},
  booktitle	= {The Thirty-eight Conference on Neural Information
		  Processing Systems Datasets and Benchmarks Track},
  year		= {2024},
  url		= {https://openreview.net/forum?id=hMj6jZ6JWU}
}

@Misc{		  zhong2024spiqa,
  title		= {SPIQA: Scientific Paper Image Question Answering},
  author	= {Zhong, Xiaoyan and Gao, Yijian and Gururangan, Suchin},
  year		= {2024},
  url		= {https://arxiv.org/abs/2407.09413}
}
